2237 3118
271 236 450 272 niensium
484 233 661 269 seditione
687 237 724 266 et
748 222 869 266 furore
894 222 1184 274 Baphri-undu,
1218 222 1303 264 uie
1323 227 1409 280 qaid
1427 225 1716 264 *commi-sam<
1732 232 1954 273 kentuino,

262 288 431 333 'alterum
449 284 567 332 ’.ιιιὲω
583 292 626 328 ιι,
643 285 787 327 Aemo·
806 283 1002 325 umenm
1013 295 1034 332 ,>
1050 283 1225 335 mmai,
1244 283 1523 336 apronia-am
1549 281 1752 334 nep-aium
1767 289 1955 338 canopoe-

273 361 389 394 menis
405 361 549 391 necatos
559 363 635 387 esse
653 358 719 385 nos
731 352 833 387 docet
841 361 859 393 ,³
873 361 917 384 ne
931 350 1034 384 bivio
1043 350 1238 394 quidem&
1251 350 1594 385 sacrificio-humano
1609 351 1754 385 disertis
1765 352 1885 385 verbis
1897 355 1956 387 di-

253 411 257 416 ’
276 425 386 454 cente.-
438 415 541 450 Hanc
558 419 675 449 autem
696 402 955 447 Messeniorum
973 410 1227 456 lapidationem
1245 421 1319 447 nen
1336 410 1383 446 ad
1405 420 1506 446 sacra
1519 410 1702 457 faciens-2,
1729 411 1792 447 se'd
1808 412 1854 449 ad
1872 416 1954 448 vin-

274 482 406 515 dictam
432 479 605 525 sanguine
639 475 844 510 sammdam
869 475 1068 520 putaverim
1102 483 1182 507 esse
1206 473 1449 518 referendam3
1486 484 1561 509 non
1589 476 1792 509 enimcum
1820 475 1865 510 iis
1897 476 1952 509 fn-

273 553 353 577 eere
377 550 540 587 possum,
564 537 634 584 'qni
658 543 824 580 censent,
849 547 950 571 usam
965 533 1129 582 captivos
1154 536 1193 570 in
1217 535 1362 570 manalis
1382 535 1592 572 bellatorum
1612 536 1656 572 ab
1683 534 1844 572 hostibus
1871 549 1951 572 cae-

274 614 393 638 sorum
419 600 653 636 interficiendi
680 599 725 633 ad
754 598 929 633 sacrificia
951 597 1186 643 pertinuisse:
1214 602 1290 630 erat
1315 596 1382 631 hoc
1405 598 1525 643 potius
1547 609 1660 645 genus
1682 599 1833 646 ποινῆς,
1862 611 1951 644 quae

272 675 336 710 pro
357 669 498 697 moi-me
514 661 740 708 exigeretur,
765 670 883 706 genus
897 660 1045 693 ultionis
1064 659 1160 692 illius
1174 682 1187 702 ,
1214 668 1317 703 quam
1334 660 1476 705 cognati
1495 660 1673 706 interfecti
1695 661 1864 706 cuiusque
1880 661 1951 695 viri

275 738 312 761 se
345 725 389 759 ab
419 723 649 759 interfectore
687 727 851 767 expetere
886 721 1012 756 debere
1040 720 1296 765 antiquissimis
1332 720 1552 765 temporibus
1579 722 1799 757 statuebant:
1831 724 1950 767 itaque

270 784 428 820 Achilles
450 783 634 818 duodecim
652 781 832 816 Troianos
848 783 1018 816 mactavit
1035 780 1061 830 (
1074 780 1112 815 ll.
1133 779 1240 825 xxi,
1262 778 1357 829 28.)
1380 778 1510 831 ποινὴν
1538 777 1780 832 Πατρόκλοιο
1806 780 1951 819 θανόν-

269 860 357 891 τος,
385 843 516 893 ποινήν
543 851 661 879 autem
690 855 881 889 numquam
904 855 1107 886 sacrorum,
1134 844 1196 876 sed
1223 844 1455 878 redemtionis
1481 854 1547 888 pro
1577 845 1680 879 caede
1702 845 1891 878 commissa
1916 852 1951 877 et

269 907 456 943 vindictae
471 917 543 952 >pro
563 907 631 941 tali
645 906 804 941 facinore
818 906 857 940 in
872 906 1033 940 malefico
1049 903 1264 940 exercendae
1277 905 1460 941 notionem
1475 904 1604 941 habere
1611 934 1624 952 ,
1648 896 1710 943 ⁴vel
1727 917 1771 941 ex
1789 905 1829 940 ll.
1846 904 1949 949 xm,

263 969 358 1006 ’659
375 966 533 1011 ‹it-xiv,
548 968 647 1005 483.
664 969 752 1002 satis
770 968 993 1013 perspicuum
1013 978 1092 1001 esse
1107 965 1261 1001 ridetur.

371 1029 423 1075 m)
442 1029 581 1064 Morum
600 1029 786 1074 turpitudo
806 1031 843 1063 in
864 1030 953 1074 ipsis
971 1030 1082 1063 sacris
1102 1028 1286 1063 aGraecis
1304 1033 1365 1062 aut
1375 1029 1480 1073 plane
1490 1029 1605 1063 vitata
1621 1033 1692 1072 est,
1711 1034 1785 1072 aut,
1803 1029 1835 1063 si
1854 1028 1947 1062 forte

267 1095 307 1127 in
324 1092 508 1126 nonnullis
526 1091 674 1125 urbibus
689 1091 959 1133 admittebatur,
982 1089 1137 1133 aliunde,
1155 1091 1309 1125 maxime
1324 1100 1370 1124 ex
1387 1090 1471 1124 Asia
1487 1096 1523 1124 et
1539 1089 1705 1133 Thracia,
1729 1091 1769 1125 in
1790 1091 1947 1125 Graeco-

265 1164 348 1187 rum
375 1152 521 1186 deorum
542 1153 677 1186 cultum
698 1152 854 1187 transiit.
905 1152 1005 1192 Quae
1032 1151 1125 1185 enim
1141 1151 1236 1185 inter
1253 1149 1474 1197 Babylonios
1490 1152 1529 1186 in
1548 1151 1714 1198 Mylittae
1729 1152 1828 1187 cultu
1843 1158 1946 1196 atque

264 1218 303 1250 in
319 1215 436 1249 insula
453 1213 574 1259 Cypro
591 1214 830 1248 Asiatica-um
848 1214 1062 1259 religionum
1078 1214 1253 1257 participe
1275 1218 1366 1246 teste
1384 1211 1570 1247 Herodoto
1593 1214 1676 1250 libr.
1698 1213 1727 1256 1,
1754 1225 1828 1258 cap.
1850 1214 1944 1249 199.

264 1274 489 1318 acciderunt,
515 1286 557 1309 ea
575 1276 671 1308 inter
688 1273 863 1317 Graecos,
886 1275 947 1320 qui
965 1273 1116 1320 quodvis
1131 1275 1264 1308 crimen
1278 1273 1318 1306 in
1332 1274 1463 1317 templo
1480 1273 1631 1319 quodam
1646 1274 1706 1309 vel
1721 1275 1796 1309 eius
1813 1275 1946 1309 vicinia

267 1338 493 1370 commissura
510 1337 669 1381 graviter
687 1345 710 1368 a
730 1335 798 1368 diis
818 1336 935 1379 puniri
955 1335 1157 1369 statuebant
1176 1333 1304 1379 (Virg-
1321 1333 1410 1367 Aen.
1429 1333 1457 1377 l,
1472 1327 1567 1380 41.)
1583 1335 1702 1368 locum
1721 1333 1854 1369 habere
1872 1346 1945 1369 non

264 1402 476 1442 potuerunt3
502 1407 567 1430 nec
581 1395 730 1442 Cottyto
747 1395 834 1439 dea,
860 1397 942 1430 licet
957 1395 1133 1429 Iuvenalis
1154 1394 1232 1430 Sat.
1251 1392 1297 1437 ll,
1315 1405 1371 1430 vs.
1395 1395 1461 1431 92·
1485 1406 1561 1429 eam
1580 1395 1784 1440 Cecropiam
1801 1395 1945 1436 dixerit,

263 1457 413 1493 Athenis
433 1458 530 1491 culta
551 1463 622 1500 est,
650 1458 810 1502 quamvis
827 1467 900 1490 non
914 1456 1112 1503 negandum
1132 1458 1204 1500 sit,
1230 1455 1336 1490 huius
1356 1455 1440 1491 deae
1458 1467 1481 1491 a
1502 1455 1700 1492 Thracibus
1719 1458 1942 1503 excogitatae

264 1522 396 1553 cultum
413 1530 434 1552 a
453 1517 650 1552 Corinthiis
666 1523 702 1551 et
718 1516 860 1551 Doricis
879 1518 1047 1563 gentibus
1069 1528 1146 1551 esse
1163 1523 1341 1561 receptum
1361 1517 1434 1559 (cf.
1452 1516 1582 1551 Buttm.
1604 1516 1756 1562 Mythol.
1772 1516 1874 1551 Τοιιι.
1895 1517 1941 1553 ΙΙ.

261 1591 344 1626 pag.
368 1580 510 1617 159—
525 1580 663 1624 16⁷.);
690 1579 812 1613 eodem
840 1578 946 1612 modo
974 1574 1206 1627 ἱερόδουλοι,
1235 1589 1324 1623 quae
1354 1576 1492 1612 libidini
1518 1578 1780 1622 inserviebant,
1803 1590 1876 1613 non
1896 1590 1941 1612 ex

263 1641 481 1676 Graecorum
496 1641 673 1687 religione
691 1644 812 1683 ortae,
839 1639 904 1674 sed
922 1650 966 1673 ex
986 1637 1072 1675 Asia
1088 1640 1127 1675 in
1149 1639 1332 1675 Graeciam
1358 1638 1555 1674 translatae
1580 1644 1666 1674 sunt
1692 1639 1761 1683 (cf.
1786 1638 1942 1675 Wacke-

262 1699 361 1738 muth
375 1701 504 1736 hellen.
522 1700 678 1736 Altertlt.
696 1699 798 1735 Tom.
817 1699 864 1737 ll.
882 1711 917 1746 p.
937 1702 979 1738 2.
992 1711 1073 1748 pag.
1090 1701 1177 1738 299
1195 1701 1285 1749 σᾳ),
1313 1697 1522 1751 ἱερόδουλοι
1538 1701 1597 1736 vel
1614 1695 1940 1750 remudpoa,quales

260 1766 480 1797 Graecorum
505 1764 645 1807 proprie
672 1767 794 1804 erant,
822 1773 886 1794 nec
907 1762 1000 1796 bona
1027 1762 1120 1795 fama
1142 1773 1207 1795 nec
1225 1765 1393 1797 castitate
1411 1769 1624 1805 caruerunt,
1648 1764 1786 1796 etiamsi
1807 1763 1939 1796 Strabo

260 1833 295 1859 et
322 1827 380 1870 qui
411 1831 536 1867 postea
567 1825 759 1867 scriptores
787 1824 862 1856 eius
882 1823 1130 1857 auctoritatem
1154 1824 1412 1868 sequebantur,
1437 1824 1539 1858 Asiae
1557 1831 1592 1857 et
1609 1824 1751 1858 Africae
1773 1821 1940 1871 ἱεροδού-

259 1888 350 1929 λους
379 1887 431 1920 ita
459 1897 540 1919 cum
570 1885 788 1920 Graecorum
821 1883 1037 1929 miscebant,
1063 1889 1104 1919 ut
1126 1895 1171 1921 ex
1193 1896 1334 1922 morum
1359 1885 1602 1932 turpitudine,
1629 1895 1698 1931 qua
1720 1885 1802 1920 illae
1821 1891 1938 1929 erant,

257 1947 390 1993 aliquid
410 1948 446 1979 in
468 1947 623 1980 Graecas
643 1945 892 1978 transferrent.
1295 1986 1299 1990 β

358 2011 398 2054 ιι)
425 2008 471 2042 cf.
496 2007 600 2042 Hom.
621 2006 689 2041 od.
712 2006 838 2050 XXll,
857 2007 957 2043 413.
985 2006 1096 2043 Notio
1123 2009 1266 2043 divinae
1290 2010 1328 2043 in
1355 2009 1543 2054 puniendis
1559 2008 1758 2043 malefactis
1775 2008 1936 2043 iustitiae

257 2076 338 2104 orta
364 2069 503 2103 videtur
525 2070 620 2102 inter
640 2069 794 2102 Graecos
819 2067 861 2101 ab
890 2079 952 2112 eo,
979 2069 1071 2114 quod
1096 2070 1299 2104 tribuebant
1323 2069 1412 2113 diis,
1439 2069 1557 2104 studio
1582 2068 1741 2104 homines
1759 2070 1936 2104 retinendi

254 2132 299 2165 ab
321 2131 505 2173 omnibus,
532 2140 621 2174 quae
640 2134 780 2162 tantum
801 2129 943 2164 deorum
963 2137 1097 2173 essent,
1124 2131 1278 2164 humano
1305 2137 1422 2165 autem
1447 2132 1571 2177 generi
1588 2142 1661 2165 non
1679 2132 1933 2165 convenirent:

253 2192 335 2227 hinc
364 2193 397 2226 si
424 2193 504 2236 quis
529 2191 683 2233 faceret,
712 2201 800 2235 quae
834 2189 969 2227 homini
994 2204 1065 2226 non
1090 2194 1260 2238 permissa
1285 2200 1403 2227 essent
1430 2192 1730 2238 humanarumque
1753 2194 1935 2227 actionum

250 2255 341 2290 fines
362 2263 384 2287 a
413 2251 481 2286 diis
511 2251 748 2296 praescriptos
777 2252 989 2297 transirent,
1016 2254 1072 2288 vel
1100 2255 1131 2288 si
1152 2254 1295 2288 nimiam
1312 2254 1391 2300 quis
1408 2254 1446 2288 in
1468 2254 1575 2288 terris
1592 2253 1770 2288 fortunam
1788 2258 1852 2289 aut
1871 2264 1935 2293 cu·

251 2320 371 2358 peret,
397 2320 458 2346 aut
474 2313 694 2357 possideret,
719 2313 928 2355 censebant,
955 2315 1063 2347 talem
1080 2315 1164 2347 deos
1184 2315 1383 2358 superbiam
1402 2312 1550 2361 (ὓβριν)
1580 2315 1620 2346 in
1640 2313 1839 2348 hominibus
1860 2324 1934 2347 non

248 2374 360 2417 ferre,
395 2374 457 2407 sed
489 2372 651 2408 invidere
679 2373 807 2407 nimiae
837 2375 875 2406 in
907 2374 1043 2420 agendo
1071 2374 1236 2409 licentiae
1265 2376 1461 2421 nimiaeque
1491 2375 1732 2422 magnitudini
1763 2374 1932 2409 fortunae

250 2432 459 2483 (φθονερὸν
481 2433 523 2471 τὸ
550 2432 684 2481 θεῖον).
739 2434 862 2483 ltaque
890 2436 959 2479 dii,
987 2446 1088 2482 quem
1112 2437 1214 2472 aliter
1230 2448 1334 2484 agere
1355 2436 1539 2481 viderent,
1564 2443 1671 2484 atque
1688 2437 1758 2482 ipsi
1783 2436 1932 2479 vellent,
