2237 3118
1095 116 1133 168 4

269 231 473 290 tuentem
505 254 596 283 non
628 237 923 291 commoveri,
951 235 1074 280 tanti
1097 235 1147 279 id
1177 234 1374 292 quidem'
1391 240 1463 279 est
1503 235 1667 290 animi,
1692 242 1745 280 ut
1771 236 1820 279 in
1844 235 1963 280 bane

270 335 404 368 meae
438 319 719 364 constantiae
752 313 1112 360 mediocritatem
1149 315 1314 359 eadere
1357 329 1448 358 non
1478 316 1635 372 possit.
1696 315 1834 371 Quod
1865 316 1960 360 nisi

275 404 492 446 adessent
526 401 838 459 adolescentes
869 397 1097 438 carissimi
1128 409 1182 437 eo
1219 401 1397 439 tantum
1437 398 1627 439 consilio
1659 397 1708 439 in
1738 397 1855 439 hanc
1887 398 1960 440 lit-

268 491 475 530 terarum
501 480 858 523 communionem
880 492 909 518 a
939 477 1203 532 parentibus
1232 477 1414 517 deducti
1446 484 1493 518 et
1520 479 1805 536 congregati,
1837 478 1957 519 utin

278 564 403 607 omni
431 561 727 616 elegantioris
765 559 1000 601 doctrinae
1034 558 1163 611 copia
1199 571 1423 599 summum
1451 561 1652 600 studium
1685 560 1962 600 collocarent
2033 576 2035 578 ’

276 644 532 697 iustamque
550 640 731 682 litteras
760 637 986 680 tractandi
1011 637 1233 678 rationem
1257 644 1603 690 cognoscerent,
1636 639 1840 692 profecto
1868 651 1961 682 non

275 732 532 779 sperarem,
563 729 791 774 posse=me
809 717 915 760 huic
935 729 1130 761 coronae
1154 713 1411 759 auditorum
1430 721 1476 758 et
1508 718 1733 772 sapientia
1763 724 1811 761 et
1834 718 1961 774 inge·

280 802 358 843 nio
388 799 639 854 insignium
670 797 767 853 apti
807 797 917 852 q'uid
958 801 1005 837 et
1045 796 1166 851 grati
1197 808 1462 850 proponere.
1532 795 1627 838 Sed
1659 809 1796 852 quum
1827 807 1960 839 omne

278 881 403 924 vitae
441 885 621 934 tempus
663 879 722 920 ad
763 878 938 920 animos
973 876 1328 923 adolescentium
1363 877 1480 919 recti
1521 878 1791 933 venustique
1822 889 1962 920 sensu

281 959 562 1004 excolendos
594 958 803 1001 conferre
836 970 1011 1000 mecum
1043 957 1401 1008 constituissem,
1441 958 1506 1000 ab·
1532 957 1618 1000 boc
1646 960 1768 1000 vitae
1796 958 1961 1013 degen-

279 1039 366 1083 dae
397 1038 588 1082 consilio
617 1050 676 1081 ne
708 1036 843 1080 hodie
875 1037 1058 1093 quidem
1090 1036 1394 1081 recedendum
1416 1047 1534 1079 esse
1568 1037 1681 1079 duxi
1721 1042 1767 1079 et
1797 1037 1961 1079 docere

282 1102 558 1174 discipulos,
609 1124 826 1174 quantum
857 1117 979 1175 inter
1010 1114 1217 1160 Graecos
1246 1117 1307 1159 ad
1337 1117 1512 1160 animos
1543 1118 1696 1173 populi
1724 1115 1964 1174 probitatis

283 1198 559 1256 pietatisque
594 1212 748 1241 amore
785 1197 1055 1242 imbuendos
1096 1197 1196 1239 eius
1223 1197 1387 1254 religio
1414 1198 1630 1249 valuerit,
1672 1198 1815 1241 satius
1848 1196 1963 1240 mihi

272 1273 431 1326 'visum
472 1285 564 1330 est,
601 1293 735 1337 quam
774 1279 989 1320 inchoare
1029 1278 1340 1332 quaestionem
1380 1289 1465 1318 nec
1506 1278 1688 1332 dignam
1730 1283 1965 1332 exspecta·

284 1360 410 1402 tione
442 1359 646 1401 virorum
675 1359 787 1400 mibi
819 1358 1117 1400 assidentium
1152 1363 1200 1398 et
1228 1362 1419 1411 propter*
1444 1358 1662 1412 temporis
1694 1358 1963 1401 brevitatem

285 1440 371 1482 vix
401 1439 524 1481 iustu
549 1439 844 1494 responsione
875 1437 1220 1481 absolvendam:
1265 1436 1588 1491 discipulorum
1619 1443 1770 1480 autem
1801 1438 1965 1480 menti-

286 1521 373 1563 bus
406 1518 522 1576 lianc
552 1518 691 1563 habui
723 1524 898 1575 aptam,
929 1516 1125 1573 partim,
1158 1515 1276 1572 quod
1302 1516 1427 1571 ipsos
1454 1530 1780 1574 saepenumero
1799 1518 1965 1562 miran-

289 1605 360 1641 tes
393 1600 636 1642 audiebam
669 1605 715 1641 et
748 1605 1042 1654 quaerentes,
1076 1596 1187 1652 quid
1208 1592 1488 1640 Graecorum
1513 1598 1678 1654 religio
1700 1589 1969 1646 eorummoa

287 1679 417 1720 ribus
445 1680 668 1732 potuisset
691 1679 932 1732 prodesse,
953 1676 1150 1733 partim,
1182 1666 1470 1730 qmniamin
1498 1676 1633 1720 huius
1651 1684 1814 1722 natura
1838 1691 1967 1724 accw

287 1758 394 1800 ratev
419 1760 721 1800 describenda
754 1757 945 1804 Homeri
981 1759 1227 1825 imprimis,
1265 1770 1398 1813 quem
1431 1751 1966 1817 potissimum-legerent,

290 1838 574 1893 aliorumque
606 1846 840 1893 poetarum
872 1839 987 1892 ipsis
1016 1852 1107 1880 non
1133 1839 1390 1893 ignotorum
1423 1839 1658 1892 opiniones
1693 1854 1795 1882 esse
1824 1843 1969 1898 respi⁴

291 1919 477 1962 ciendas
512 1920 749 1974 putabam:
791 1932 947 1961 eorum
988 1919 1108 1962 enim
1146 1919 1370 1970 carmina,
1416 1932 1532 1974 quae
1564 1921 1766 1975 quotidie
1789 1919 1969 1967 Graeci

289 2000 338 2041 in
365 2012 444 2042 ore
473 1998 643 2041 habere
675 1998 905 2049 solebant,
941 1998 1000 2040 ad
1030 1999 1236 2041 notiones
1268 2000 1455 2042 deorum
1481 2000 1529 2042 in
1553 2001 1716 2044 animis
1737 2002 1968 2049 hominum

293 2084 339 2121 et
369 2079 631 2121 formandas
662 2084 708 2121 et
733 2079 921 2121 alendas
949 2080 1148 2122 maxime
1177 2079 1399 2133 valuisse,
1430 2080 1511 2122 vix
1527 2085 1622 2133 est,
1655 2083 1734 2139 qui
1756 2083 1892 2141 neget
1912 2086 1971 2138 1·).”

296 2158 404 2205 Qua
425 2161 609 2215 quidem
631 2161 679 2201 in
707 2173 760 2201 re
784 2161 1019 2201 tractanda
1038 2161 1079 2201 si
1104 2167 1342 2214 praeterea
1372 2162 1429 2202 ad
1462 2163 1717 2216 augendam*
1740 2163 1875 2205 huius
1900 2178 1970 2206 re-

295 2237 481 2295 ligionis
511 2240 789 2295 dignitatem>
813 2240 1215 2296 auctoritatemque
1234 2241 1439 2295 pluribus
1458 2243 1610 2284 verbis
1631 2255 1861 2297 exponere
1879 2246 1972 2288 vel-

296 2319 411 2371 lem,
444 2333 578 2376 quam
608 2319 822 2375 pulchrae
854 2327 899 2362 et
931 2321 1108 2375 lepidae
1139 2318 1623 2364 fuerintGraecorum
1654 2323 1710 2364 de
1736 2325 1874 2367 rebus
1906 2326 1972 2367 di·-

302 2398 420 2442 vinis
452 2400 658 2455 fabulae,
699 2405 868 2458 quanta
905 2414 996 2444 non
1029 2401 1173 2445 solum
1218 2407 1463 2458 poetarum
1482 2403 1586 2446 usui
1618 2409 1664 2448 et
1695 2403 1972 2457 carminibus
