2237 3118
1009 96 1156 181 ‚19

265 228 302 260 et
313 232 407 270 pane
423 226 671 267 venenantur,
698 221 785 265 deos
802 217 963 264 ,cruentis
975 221 1093 265 eaeris
1117 222 1274 272 gaudere
1294 222 1462 268 arbitrati
1489 230 1601 269 eunt,
1624 225 1689 269 sed
1712 225 1782 263 hae
1809 239 1949 278 quoqne

263 290 382 326 aetate
393 289 437 327 ‚et
450 284 614 324 victimae
631 290 669 320 et
683 295 766 321 erae
789 279 920 327 οὐλαῖς
939 280 1192 332 (οὗλοχῦταις,
1210 286 1306 323 mola
1325 287 1434 332 salsa,
1453 286 1509 329 eff
1521 285 1657 330 Buttm.
1670 287 1783 329 Lexil.
1812 301 1846 335 p.
1864 293 1942 331 191

265 346 349 391 aq.)
368 351 549 392 tamqna-
564 346 725 391 reliquiis
742 354 788 386 ex
804 335 1157 391 ultimaan'tiquitate
1173 356 1323 392 sparsae
1340 353 1438 387 aunt.
1484 347 1561 384 lam
1580 354 1655 385 tum
1666 354 1783 385 autem
1803 351 1947 389 deorum

263 409 467 446 reverentia
489 413 526 447 et
550 407 704 442 aviditas
732 406 859 441 edendi
884 413 1010 442 auctae
1031 409 1086 441 ita
1105 415 1228 451 erant,
1253 415 1293 443 ut
1316 420 1424 449 unam
1448 409 1573 449 bovem
1601 410 1747 446 deorum
1767 413 1946 457 voluptati

263 469 472 505 satisfacere
494 478 569 503 non
595 476 734 512 semper
759 466 963 512 crederent,
997 465 1081 503 bine
1103 473 1201 511 ortae
1224 474 1309 504 sunt
1338 464 1565 517 ἑκατόμβαι,
1590 471 1767 514 “crificia
1795 485 1945 512 numero

263 533 491 566 victimarum
506 529 678 576 insignia,
693 530 737 574 11,
756 529 816 573 Vl,
835 531 905 567 93.
932 530 1027 567 115.
1056 529 1123 563 Od.
1143 530 1207 575 ΙΙΙ,
1232 531 1270 566 7.
1290 530 1356 567 59.
1387 566 1391 570 ,
1407 530 1503 573 Quid
1519 531 1615 577 quod
1624 531 1738 574 Iason
1752 532 1945 582 Pheraeus,

265 592 410 629 Socrati
426 591 605 637 aequalis,
632 596 732 626 tanto
750 591 835 626 deos
853 590 1079 627 exhilarandi
1095 592 1217 627 studio
1234 592 1402 627 incensus
1415 592 1496 636 fuit,
1521 598 1563 628 ut
1575 604 1647 630 uno
1666 600 1822 640 tempore
1837 597 1945 634 boves

265 656 362 692 mille
391 659 427 690 et
454 653 569 690 decies
592 653 690 689 mille
715 654 880 690 victimas
907 654 1065 690 minores
1091 658 1184 689 teste
1209 651 1452 700 Xenophonte
1478 652 1603 702 (unt.
1631 654 1756 692 Graec.
1782 658 1843 696 lv.
1871 660 1941 710 4.)

267 717 481 752 immolaret.

369 780 396 825 l)
425 779 644 825 Quamquam
664 779 794 813 Graeci
817 788 889 812 non
907 778 1051 812 omnino
1068 776 1268 814 bominibus
1286 778 1510 831 immolandis
1533 778 1804 826 abstinuerunt,
1826 789 1941 820 tamen

260 841 358 877 hunc
379 853 485 877 usum
500 851 690 887 numquam
705 841 865 876 omnibus
883 840 1075 887 laudatum⁸
1089 839 1198 875 fuisse
1219 845 1256 875 et
1273 846 1397 885 postea
1414 846 1553 878 tantum
1571 842 1611 877 in
1629 845 1813 879 nonnullis
1831 849 1943 886 saeris

262 904 381 939 locum
401 902 566 938 habuisse
590 901 773 947 probabile
798 907 862 937 est.
913 900 956 936 In
973 901 1103 937 fabulis
1122 894 1283 949 equidem
1300 903 1451 950 vestigia
1477 904 1553 939 eius
1569 914 1642 939 non
1658 905 1847 943 admodum
1863 918 1945 944 rara

264 966 519 1008 inveniuntur,
544 965 706 1010 inprimis
726 965 765 997 in
784 963 1051 999 Atheniensium
1066 963 1236 998 civitate:
1268 964 1326 999 cui
1343 965 1438 1000 enini
1454 962 1653 1001 Chthoniae
1672 972 1709 1002 et
1727 968 1942 1015 reliquarum

264 1026 460 1062 Erechthei
471 1026 650 1068 filiarum,
675 1036 767 1070 quae
783 1032 825 1060 ut
840 1027 994 1070 patriam
1006 1024 1050 1059 ab
1070 1025 1335 1071 oppugnatione
1354 1025 1533 1062 Thracum
1551 1028 1816 1075 incolarumque
1833 1031 1942 1066 Eleu·

266 1089 356 1121 sinis
373 1093 578 1130 tuerentur,
603 1087 704 1121 iussu
721 1088 840 1132 populi
856 1086 996 1131 publice
1013 1086 1212 1121 immolatae
1229 1091 1331 1128 sunt,
1357 1086 1578 1133 filiarumque
1594 1086 1804 1134 Hyacinthi,
1831 1090 1942 1136 Spar-

267 1150 345 1184 tani
365 1147 515 1184 Atheni·
535 1146 756 1192 habitantis,
783 1147 900 1183 Minoe
924 1148 1045 1182 urbem
1069 1146 1275 1191 obsidente,
1293 1147 1448 1182 eamdem
1468 1154 1603 1184 sortem
1623 1156 1847 1193 expertarum
1866 1164 1940 1188 non

265 1211 387 1246 veniat
403 1211 443 1245 in
460 1208 640 1245 mentem?
668 1210 732 1257 (cf.
759 1209 996 1245 Waclnmuck
1012 1209 1097 1245 heu.
1114 1208 1270 1245 Alter-th.
1289 1208 1335 1244 ΙΙ.
1356 1211 1396 1247 2.
1412 1220 1497 1258 pag.
1515 1211 1603 1249 224
1620 1209 1697 1259 ΕΣ).
1749 1211 1853 1248 Aliae
1883 1221 1939 1251 ta-

265 1284 346 1309 men
358 1271 501 1307 fabulae
517 1272 621 1308 facile
651 1272 964 1317 demonstrabunt,
990 1274 1063 1308 iam
1091 1272 1348 1318 antiquissimis
1368 1273 1584 1318 temporibus
1610 1274 1832 1310 intellectum
1850 1286 1939 1322 esse,

265 1345 370 1382 quam
388 1332 537 1382 indigne
554 1333 701 1369 deorum
718 1335 863 1370 numine
883 1335 971 1373 talia
990 1340 1110 1370 essent
1134 1334 1333 1371 sacrificia:
1360 1337 1542 1379 pertinent
1567 1334 1638 1370 huc
1650 1338 1877 1373 narrationes
1896 1340 1938 1375 de

265 1407 374 1432 cerva
390 1395 584 1430 substituta
600 1397 639 1430 in
656 1397 772 1430 locum
789 1395 1013 1443 Iphigeniae,
1038 1407 1119 1432 eum
1135 1398 1174 1433 in
1192 1408 1234 1431 co
1248 1401 1363 1441 esset,
1387 1401 1428 1431 ut
1452 1394 1540 1431 haec
1570 1406 1592 1431 a
1608 1395 1758 1435 Graecis
1776 1401 1939 1436 inimola-

262 1465 385 1502 retur,
413 1456 455 1492 de
473 1455 608 1493 Phrixo
635 1469 656 1492 a
673 1457 757 1493 Iove
780 1469 844 1502 per
866 1458 1014 1493 arietem
1042 1464 1206 1502 servato,
1232 1469 1311 1492 cum
1326 1463 1428 1502 pater
1443 1457 1614 1493 Athamas
1635 1470 1657 1493 a
1674 1471 1830 1496 noverea
1845 1462 1937 1497 salso

265 1520 409 1554 oraculo
429 1517 595 1565 deceptus
616 1531 695 1554 eum
709 1518 792 1553 huic
815 1519 881 1554 deo
905 1524 1125 1553 mactatum·
1152 1525 1245 1554 esset
1268 1517 1334 1567 (cf.
1355 1517 1563 1554 Buttmanni
1582 1519 1815 1568 mythologus
1833 1522 1934 1559 Tom.

264 1580 311 1615 11.
328 1590 408 1627 pag.
427 1579 513 1617 229
532 1577 626 1627 sq.).
678 1579 855 1614 Videntur
872 1581 987 1627 igitur
1005 1580 1152 1623 Graeci,
1179 1589 1267 1625 quos
1286 1590 1309 1614 a
1326 1580 1440 1625 prima
1458 1579 1684 1615 sacrificandi
1708 1583 1937 1628 simplicitate

262 1648 390 1686 postea
404 1641 514 1674 nimia
529 1641 756 1676 victimarum
774 1643 879 1685 eopia
898 1641 1082 1676 aberrasse
1097 1651 1204 1685 snpra
1221 1640 1395 1684 diximus,
1420 1640 1515 1687 quod
1532 1641 1601 1675 diis
1621 1643 1755 1687 optima
1780 1653 1939 1690 quaeque

263 1713 328 1748 pro
346 1701 507 1737 victimis
521 1713 597 1737 esse
615 1701 795 1737 offerenda
809 1707 998 1748 putarent,
1023 1703 1098 1738 alio
1115 1713 1236 1741 errore
1262 1703 1371 1738 etiam
1390 1701 1437 1736 ad
1455 1700 1615 1737 homines
1633 1704 1771 1739 nobiles
1799 1707 1938 1744 sacrifi-

263 1763 397 1800 cando·
417 1773 495 1798 esse
512 1753 638 1810 delati3
665 1763 729 1799 sed
748 1762 834 1800 haec
852 1762 936 1798 deos
955 1763 1098 1800 colendi
1115 1764 1211 1800 ratio
1228 1773 1341 1809 neque
1358 1764 1505 1809 antiquo
1529 1768 1688 1810 tempore
1708 1767 1829 1802 multis
1855 1769 1938 1813 pla-

263 1828 340 1861 enit
358 1832 393 1860 et
405 1831 545 1871 postea,
561 1837 641 1861 cum
663 1825 793 1861 Graeci
807 1824 1042 1861 humanitatis
1053 1826 1228 1860 ratIonem
1244 1824 1374 1865 habere
1390 1826 1679 1871 consuevissent,
1704 1827 1779 1862 fere
1808 1829 1938 1875 ubique

263 1888 402 1925 abiecta
428 1888 488 1924 vel
511 1888 699 1936 mitigata,
737 1889 778 1928 in
801 1889 984 1923 nonnullis
1001 1893 1138 1924 tantum
1158 1887 1248 1922 locis
1270 1891 1434 1931 servata,
1465 1892 1529 1921 aut
1554 1897 1616 1932 per
1640 1888 1849 1926 seditionem
1880 1904 1936 1927 re-

260 1955 396 1986 novata
423 1955 490 1984 est.
539 1949 674 1999 Negari
696 1956 815 1986 autem
840 1961 915 1985 non
942 1955 1079 1996 potest,
1107 1948 1202 1996 quod
1226 1954 1404 1995 tamquam
1422 1948 1558 1995 aliquid
1584 1949 1766 1998 singulare
1793 1959 1828 1988 et
1853 1964 1933 1988 raro

259 2015 433 2049 usitatum
450 2012 615 2050 historici
626 2019 907 2060 proposuerunt,
929 2011 1013 2048 Hali
1027 2011 1103 2047 Iovi
1118 2010 1311 2056 Laphystio
1322 2009 1546 2045 Athamantis
1561 2019 1725 2057 posteros
1743 2012 1932 2060 (Herodot.

260 2072 342 2119 vu,
364 2071 482 2120 197.)
493 2097 506 2117 ,
531 2084 660 2118 pueros
678 2074 757 2109 lovi
778 2073 917 2120 Lycaeo
934 2073 973 2106 in
990 2072 1145 2106 Arcadia
1164 2070 1329 2116 Lycaone
1344 2076 1486 2105 auctore
1515 2070 1621 2119 (cnm
1637 2078 1719 2107 ante
1737 2071 1831 2108 huno
1850 2081 1932 2109 tan·

259 2140 337 2170 tum
353 2134 426 2168 liba
440 2133 682 2180 offerrentur)
699 2139 876 2169 mactatos
893 2139 931 2168 et
945 2135 983 2167 in
1000 2132 1168 2167 honorem
1184 2131 1361 2177 Apollinis
1369 2132 1537 2167 Leucadii
1554 2132 1731 2168 bominem
1749 2135 1934 2180 quemdam

258 2196 411 2231 manme
447 2195 644 2232 maleficum
669 2196 859 2242 quotannis
886 2196 926 2230 in
954 2205 1048 2229 mare
1073 2193 1273 2229 coniectum
1301 2204 1377 2228 esse
1407 2193 1555 2243 (Strab.
1573 2193 1623 2230 X.
1652 2201 1736 2245 ante
1754 2196 1844 2233 med.
1862 2197 1931 2233 Or.

258 2258 358 2295 Fast.
377 2257 422 2301 V,
444 2255 586 2305 630.)
636 2256 710 2293 Sed
736 2268 826 2303 quae
851 2255 956 2292 huius
977 2256 1089 2291 moris
1112 2257 1272 2301 exempla
1300 2267 1373 2291 non
1390 2257 1505 2291 solum
1523 2256 1566 2290 de
1587 2255 1846 2301 Themistocle,
1871 2259 1931 2294 aed

261 2320 369 2356 etiam
384 2316 427 2353 de
452 2317 599 2356 Achivis
619 2317 901 2366 Philopoemenis
915 2323 1066 2356 mortem
1086 2317 1351 2362 deplorantibus
1371 2328 1393 2351 a
1411 2317 1641 2363 scriptoribus
1669 2317 1791 2363 (Plut.
1810 2318 1936 2356 Them.

265 2380 331 2418 13.
349 2379 459 2419 Arist.
477 2380 519 2416 9.
537 2383 574 2413 et
594 2377 733 2424 Philop.
751 2381 822 2418 21.
840 2378 1020 2419 coll.vLiv.
1041 2377 1238 2425 xxxix,
1256 2380 1312 2418 49
1331 2383 1369 2420 et
1394 2375 1479 2424 50.)
1507 2386 1845 2423 commemorantur,
1869 2380 1935 2418 ho-

261 2452 343 2478 rum
359 2442 510 2477 alterum
526 2442 579 2476 ita
599 2447 839 2487 comparatum
859 2448 933 2485 est,
955 2446 996 2476 ut
1010 2431 1209 2487 appareat,
1240 2440 1531 2483 Themistoclem,
1557 2441 1629 2475 nisi
1654 2447 1811 2477 coactum
1830 2442 1934 2477 Athe·

1334 2506 1431 2550 02
