2237 3118
1111 111 1178 162 17

292 231 385 278 quod
412 233 583 268 scelerum
601 231 836 268 humanorum
862 231 982 268 odium
1008 231 1080 266 nisi
1109 232 1233 277 optimi
1257 234 1454 281 quique'in
1473 234 1543 269 diis
1567 236 1821 282 agnovissent,
1847 237 1973 273 Cicero

289 295 352 342 (de
377 293 460 328 Nat.
489 284 553 328 De.
575 292 621 338 ll,
638 293 707 330 34.
733 292 797 336 ΙΙΙ,
816 291 904 338 39.)
922 293 1094 327 virtutem
1109 301 1130 326 a
1150 289 1236 335 diis,
1262 291 1305 327 ab
1323 284 1523 330 hominibus
1545 296 1780 333 vitiositatem
1800 282 1972 346 originem

289 367 413 400 capere
442 367 515 389 non
539 357 716 399 potuisset
740 355 977 396 contendere,
1007 365 1071 387 nec
1095 354 1142 386 iis
1169 359 1330 395 tantum,
1358 357 1417 399 qui
1444 357 1480 389 in
1501 359 1710 402 corporibus
1729 358 1892 393 humanis
1916 372 1971 392 es-

289 422 369 450 sent
390 416 501 451 vitam
523 416 653 451 imitati
673 414 842 458 deorum,
869 415 914 450 ad
933 414 1016 449 illos
1038 406 1180 448 facilem
1202 413 1356 449 reditum
1373 421 1496 461 patere
1515 417 1663 453 dixisset
1679 417 1805 465 (Tusc.
1821 419 1926 465 Disp.
1946 421 1971 465 Ι,

289 478 385 522 30.),
438 476 588 516 Horatio
615 482 754 520 autem,
781 478 810 510 si
830 482 956 523 poetae
984 475 1138 510 moribus
1172 475 1318 510 deorum
1346 481 1477 511 natura
1505 476 1736 514 describenda
1767 466 1969 528 plerumque

288 541 514 583 nocuissent,
537 538 761 584 praedicare,
787 543 922 583 quanta
940 539 1138 572 carminum
1155 539 1209 571 vis
1227 539 1263 571 in
1275 537 1609 583 puerorum'animis
1628 551 1734 574 sensu
1754 544 1843 575 recti
1858 554 1969 577 venu-

290 602 407 646 stique
432 599 636 637 excolendis
656 605 773 644 esset,
797 600 1003 646 neutiquam
1028 600 1067 634 in
1086 600 1435 645 mentemvenisset,
1462 611 1546 636 cum
1563 606 1681 637 tamen
1705 604 1743 638 in
1766 601 1834 647 Ep.
1858 603 1886 638 ll
1903 628 1915 646 ‚
1932 607 1949 640 l

293 664 387 700 126.
407 662 494 705 haec
515 663 707 711 legantur:
729 692 732 696 ,

281 722 295 736 ⁶
542 725 593 761 Os
620 731 780 758 tenerum
806 724 907 766 pueri
934 723 1146 767 balbumque
1172 728 1276 767 poeta
1301 723 1456 768 figurat,

543 785 705 832 Torquet
731 784 775 819 ab
804 774 990 819 obscoenis
1017 785 1085 818 iam
1112 794 1208 818 nunc
1234 783 1457 819 sermonibus
1483 795 1622 829 aurem,

541 846 628 881 Mox
655 848 763 880 etiam
790 851 913 890 pectus
940 846 1140 891 praeceptis
1167 845 1296 879 format
1320 846 1457 879 amicis.

287 909 409 944 Liceat
432 907 521 944 mihi
543 907 693 954 denique
718 908 896 955 opinionis
927 918 1025 942 meae
1049 905 1311 943 firmamentum
1338 910 1377 943 in
1406 906 1668 943 Wachsmuthii
1691 909 1808 944 verbis
1836 921 1965 955 ponere

287 966 455 1014 (Hellen.
482 968 824 1005 Alterthumskundo
859 968 926 1007 ΤΙι.
947 970 986 1006 2.
1015 967 1122 1003 Abth.
1139 969 1180 1006 2.
1213 981 1295 1017 pag.
1315 970 1398 1007 211
1432 981 1467 1004 u.
1493 968 1601 1015 13.):
1628 968 1700 1005 Die
1726 970 1965 1008 bellenisclcen

289 1034 419 1066 (ἴσκεν
444 1033 570 1066 hatten
600 1033 668 1066 den
686 1031 806 1066 stand
831 1033 893 1066 des
914 1030 1069 1073 Glauke,
1092 1030 1174 1063 weil
1200 1032 1254 1064 sio
1279 1031 1408 1065 G6tter
1432 1042 1576 1075 waren,
1604 1032 1706 1066 nicht
1729 1033 1822 1066 nacla
1850 1035 1964 1073 einem

285 1093 454 1129 hochsten
469 1094 650 1137 Gesetze,
686 1095 754 1129 das
775 1094 842 1129 das
862 1091 1007 1128 hachem
1038 1090 1156 1128 Gliick
1176 1103 1244 1127 aus
1269 1093 1335 1127 der
1360 1096 1526 1138 grossten
1551 1093 1869 1129 Vollkommenheie
1894 1097 1968 1130 und

290 1154 442 1199 Tugend
458 1154 631 1189 herleitet
649 1155 725 1189 und
741 1166 806 1188 von
822 1155 919 1198 dem,
947 1155 1013 1189 der
1031 1152 1313 1198 Pflichtgosetze
1335 1152 1525 1197 aufstellt,
1551 1154 1647 1188 auch
1663 1154 1805 1189 Muster
1826 1168 1871 1190 zu
1888 1158 1964 1190 sein

284 1215 456 1261 begeltrt3
486 1235 529 1241 —
559 1216 618 1250 die
649 1214 781 1250 Gebote
811 1216 877 1250 der
902 1216 1032 1250 G'zmer
1057 1214 1205 1249 wardon
1235 1225 1329 1257 nur,
1363 1215 1445 1249 weil
1469 1216 1523 1248 sie
1548 1225 1617 1249 von
1642 1214 1808 1250 labo-lister
1838 1216 1966 1250 Macln

284 1277 485 1321 ausgingen
497 1301 509 1319 ‚
535 1276 610 1311 und
624 1275 715 1309 ohne
731 1275 1002 1320 Ermumerung
1016 1273 1131 1312 dunch
1148 1272 1315 1320 Beiaeptel
1329 1275 1396 1323 der
1417 1275 1548 1310 θᾶκον
1555 1275 1633 1317 fiir
1647 1278 1767 1322 gstltig
1782 1278 1965 1322 geachtet,

286 1338 377 1372 dean
396 1349 444 1373 an
462 1337 529 1372 deu
549 1335 742 1371 Menschen
759 1335 889 1374 liebteu
908 1334 1005 1370 Zeus
1021 1335 1096 1370 und
1110 1335 1167 1369 dis
1184 1335 1325 1369 andern
1345 1334 1477 1369 Gatter
1492 1335 1611 1370 Res-lat
1629 1338 1706 1372 und
1724 1337 1884 1385 Tagend.

387 1398 417 1445 i)
444 1398 913 1433 Nonnullarumfabularum
923 1399 999 1441 ipsa
1017 1401 1228 1443 argumenta
1245 1406 1311 1430 nos
1327 1395 1467 1439 docent,
1484 1397 1640 1433 studium
1657 1402 1857 1436 aemulandi
1877 1403 1961 1436 deo-

284 1472 364 1495 rum
379 1462 531 1504 virtutes
543 1459 782 1504 imprimisque
800 1468 873 1501 eas,
890 1457 1017 1504 quibus
1037 1458 1191 1504 insignis
1209 1462 1340 1500 essent,
1358 1462 1453 1491 artes
1473 1458 1511 1491 in
1530 1460 1790 1505 antiquissimis
1811 1462 1963 1498 homini-

285 1524 350 1556 bus
370 1523 496 1556 fuisse:
525 1521 610 1565 quid
629 1522 722 1554 enim
738 1520 835 1553 aliud
849 1520 1014 1563 exprimit
1033 1519 1152 1553 fabula
1163 1519 1226 1552 illa
1241 1517 1283 1551 de
1298 1516 1479 1552 Arachnes
1499 1523 1690 1556 certamine
1712 1534 1791 1559 cum
1803 1523 1964 1560 Minerva

285 1585 327 1618 ab
352 1583 496 1619 Ovidio‘
512 1583 610 1628 (libr.
627 1581 687 1625 vl,
707 1581 793 1617 Met.
809 1592 864 1615 vs.
882 1576 1092 1626 5—145.)
1119 1580 1255 1624 poetico
1274 1590 1369 1613 more
1388 1588 1578 1626 exornata,
1605 1585 1676 1618 nisi
1696 1584 1829 1630 Lydiae
1846 1585 1962 1630 Phry-

286 1647 432 1692 giaeque
450 1645 610 1691 virgines
628 1643 813 1678 araneolae
841 1643 1021 1692 imitantes
1052 1640 1197 1675 texendi
1225 1646 1337 1676 artem
1368 1643 1546 1677 invenisse
1572 1656 1780 1692 operamque
1810 1646 1965 1690 dedisse,

285 1714 326 1740 ut
350 1707 463 1752 ipsam
491 1704 693 1746 Palladem,
720 1713 823 1748 quam
848 1702 953 1736 huius
981 1699 1069 1735 artis
1101 1702 1254 1735 maxime
1281 1698 1431 1749 gnaram
1459 1702 1648 1747 haberent,
1687 1716 1728 1741 ea
1755 1714 1963 1752 superarent

287 1772 311 1802 i.
324 1782 354 1802 e.
373 1779 544 1802 summam
564 1769 600 1800 in
617 1778 657 1799 ea
676 1765 926 1809 perfectionem
950 1764 1282 1806 absolutionemque
1306 1770 1594 1808 assequerentur.
1647 1765 1823 1800 Similiter
1840 1770 1877 1801 in
1898 1771 1962 1802 illa

286 1832 329 1865 de
350 1830 495 1875 Marsya
514 1827 636 1862 fabula
662 1825 861 1874 (Herodot.
882 1823 961 1866 Vll,
984 1824 1052 1861 26.
1069 1821 1131 1856 fin.
1153 1821 1250 1857 Xen.
1270 1824 1386 1869 Anah.
1405 1824 1434 1867 Ι,
1455 1827 1497 1867 2,
1519 1829 1558 1863 8.
1587 1827 1687 1860 cuius
1714 1837 1965 1873 argumentum

286 1892 324 1927 id
343 1901 421 1926 esse
438 1888 600 1933 videtur,
627 1894 666 1923 ut
683 1899 743 1922 ars
761 1888 841 1933 lyra
858 1883 1007 1921 canendi
1019 1884 1116 1918 inter
1135 1882 1288 1919 Graecas
1304 1885 1475 1930 quasdam
1489 1893 1612 1933 gentes
1633 1889 1822 1933 aliquando
1842 1893 1962 1925 multis

286 1953 412 1988 invitis
438 1951 562 1985 tibiam
580 1949 728 1983 instandi
745 1949 916 1982 scientiae
933 1945 1129 1990 anteposita
1158 1955 1235 1978 esse
1253 1946 1392 1980 dicatur
1424 1947 1471 1983 cf.
1498 1946 1686 1994 Bdeeigers
1703 1949 1959 1996 Ablaandlung:

284 2014 357 2049 Die
371 2013 577 2060 Erfindun'g
596 2012 663 2047 der
686 2010 790 2045 Flam
804 2010 880 2045 und
898 2010 956 2044 die
971 2006 1204 2053 Bestrafung
1219 2007 1282 2042 dee
1297 2007 1471 2053 Marsyas
1488 2010 1524 2042 iu
1550 2008 1739 2045 Wielands
1767 2011 1957 2046 attischem

286 2076 448 2111 Muscam
465 2073 537 2120 Bd.
561 2075 597 2110 l.
617 2083 696 2118 pag.
716 2072 801 2108 279
826 2070 893 2116 ff.)
920 2071 1019 2103 rixae
1038 2067 1257 2102 Graecorum
1282 2069 1319 2102 in
1341 2070 1445 2111 Asia,
1472 2075 1591 2104 utrum
1611 2071 1649 2104 in
1675 2072 1784 2105 sacris
1805 2071 1958 2119 Magnae

288 2138 436 2179 Matris,
470 2134 602 2170 Bacchi
619 2135 838 2178 aliorumque
860 2132 1005 2165 deorum
1024 2131 1104 2176 lyra
1123 2129 1254 2172 tibiae,
1291 2142 1337 2164 an
1357 2131 1444 2164 tibia
1464 2132 1563 2176 lyrae
1596 2132 1825 2175 praeferenda
1854 2141 1959 2177 esset,

287 2211 359 2236 non
380 2198 573 2244 descriptae
590 2196 709 2231 forent
726 2194 921 2229 certamine
938 2191 1133 2237 Apollinis,
1160 2191 1259 2237 lyrae
1285 2190 1501 2236 defensoris,
1529 2204 1607 2228 cum
1632 2193 1744 2229 tibiae
1760 2195 1959 2238 perfectore

288 2261 430 2305 Marsya
442 2283 453 2302 ,
479 2260 551 2292 nisi
565 2259 717 2301 optimos
735 2255 895 2290 homines
912 2256 949 2288 in
971 2254 1093 2300 quovis
1113 2255 1271 2286 animum
1290 2254 1475 2287 excolendi
1492 2255 1611 2289 studio
1631 2256 1775 2290 deorum
1794 2259 1958 2290 similitu-

289 2324 406 2356 dinem
435 2318 598 2353 affectare
623 2329 829 2362 persuasum
857 2317 985 2350 fuisset
1009 2315 1230 2359 antiquitati.
1288 2315 1425 2354 Quodsi
1449 2322 1630 2359 poetarum
1648 2317 1783 2350 fabulas
1808 2319 1959 2351 virtutes

287 2383 431 2418 deorum
460 2385 494 2414 et
520 2378 668 2413 heroum
699 2376 898 2412 aemulandi
935 2374 1146 2411 desiderium
1175 2375 1213 2408 in
1242 2375 1369 2410 animis
1407 2374 1567 2410 humanis
1599 2378 1752 2413 excitare
1789 2381 1961 2423 potuisse,

289 2445 458 2489 exemplis
486 2453 528 2476 ex
549 2442 628 2486 ipsa
654 2439 806 2476 historia
832 2439 954 2486 petitis
977 2437 1218 2473 demonstrare
1247 2438 1443 2482 cupiemus,
1470 2436 1680 2473 deducemus
1704 2439 1895 2485 discipulos
1916 2441 1962 2475 ad

1421 2502 1457 2545 C
