2237 3118
295 712 533 803 Antiquo
559 749 593 801 ⁸)
623 759 748 791 more
773 759 827 789 ac
858 746 952 790 ritu
983 745 1240 790 institutum
1273 751 1366 799 est,
1405 750 1457 789 ut
1488 743 1757 805 quicumque
1788 760 1971 803 praece·

295 829 440 884 ptoris
480 843 669 874 munere
699 830 750 873 in
783 828 1032 885 gymnasiis
1061 835 1359 883 ornarentur,
1401 828 1452 872 in
1485 828 1586 884 ipso
1613 841 1805 872 munere
1831 830 1972 875 susci·

291 909 457 965 piendo
477 910 669 953 solemni
695 915 933 954 uterentur
950 909 1182 963 oratione,
1212 922 1301 966 qua
1327 915 1375 953 et
1400 914 1594 952 mentem
1623 921 1734 966 erga
1752 914 1969 965 patronos

291 994 469 1046 gratam
500 995 548 1033 et
577 990 767 1033 amicam
797 989 848 1032 in
887 990 1086 1046 collegas
1126 990 1406 1033 voluntatem
1447 994 1494 1032 et
1532 1001 1731 1031 amorem
1774 989 1969 1045 discipu·

290 1071 437 1113 lorum
473 1069 700 1113 sincerum
738 1083 792 1112 ac
823 1081 987 1125 purum
1023 1068 1358 1124 profiterentur.
1444 1066 1533 1111 Cui
1567 1068 1748 1124 quidem
1785 1070 1968 1113 dicendi

289 1148 441 1212 officio
478 1150 587 1193 licet
625 1149 835 1206 equidem
870 1162 963 1191 non
989 1149 1136 1191 solum
1161 1149 1311 1191 libens
1347 1161 1556 1205 paream,
1599 1148 1847 1190 sedetiam
1883 1163 1966 1204 pro

286 1230 428 1274 animi
466 1230 588 1287 grati
627 1243 766 1273 sensu
805 1235 966 1285 sponte
998 1242 1101 1272 mea
1132 1229 1435 1282 satisfaciam,
1487 1234 1639 1271 tamen
1678 1242 1769 1271 non
1799 1228 1964 1283 habeo,

285 1324 368 1358 cur
414 1295 600 1366 negem,
654 1310 1156 1366 tantuma-eloquentiae
1195 1310 1308 1353 mihi
1345 1308 1584 1373 detrahere
1626 1310 1962 1364 verecundiam,

287 1397 504 1447 quantum
528 1391 670 1433 studii
700 1390 863 1432 afferat
886 1390 1000 1431 mihi
1030 1390 1351 1433 beneficiorum
1380 1391 1430 1432 in
1460 1403 1533 1432 me
1562 1390 1827 1432 collatorum
1858 1405 1962 1433 con-

285 1472 490 1523 scientia.
553 1469 878 1526 Quaecumque
918 1471 1039 1513 enim
1071 1484 1292 1514 summam
1331 1470 1675 1513 admirationem
1707 1470 1963 1527 iustamque

283 1551 623 1596 venerationem
654 1550 823 1594 habere
865 1556 912 1593 et
944 1562 1228 1594 commovere
1252 1551 1424 1602 solent,
1458 1562 1575 1607 qnae
1607 1550 1806 1594 animum
1838 1550 1959 1595 timi-

285 1632 394 1675 dum
429 1631 621 1678 reddere
648 1636 695 1673 et
722 1631 913 1673 multum
940 1631 1293 1686 perturbationis
1319 1630 1484 1673 afferre
1508 1634 1715 1686 possunt:
1759 1642 1814 1671 ea
1842 1629 1957 1672 mihi

283 1712 437 1754 dicere
463 1711 699 1765 incipienti
723 1711 857 1752 hodie
884 1723 987 1752 sese
1005 1711 1213 1753 offerunt.
1275 1710 1431 1754 Verba
1457 1711 1579 1752 enim
1603 1711 1717 1752 mihi
1746 1710 1958 1753 facienda

283 1797 390 1834 sunt
430 1791 480 1832 in
521 1791 620 1832 loco
663 1790 934 1837 hominibus
963 1784 1287 1834 eruditissimis
1326 1798 1373 1833 et
1412 1789 1748 1834 liberalissimis
1788 1790 1956 1833 studiis

280 1870 515 1924 affluent13
546 1870 682 1914 huius
712 1869 959 1925 amplitudo
983 1869 1033 1913 in
1060 1871 1322 1914 memoriam
1351 1868 1465 1912 mihi
1490 1869 1668 1912 reducit
1690 1882 1856 1925 magna
1887 1871 1954 1914 in-

280 1951 418 2009 genia
446 1951 673 2004 virorum,
707 1950 785 2007 qui
816 1951 922 1992 inde
953 1963 981 1992 a
1005 1950 1153 2005 prima
1182 1951 1359 2008 origine
1382 1949 1517 1992 huius
1545 1948 1727 1992 scholae
1755 1951 1953 1994 celeber-

278 2034 424 2077 rimae
450 2045 592 2088 usque
624 2032 683 2074 ad
710 2037 910 2074 nostram
943 2037 1136 2074 aetatem
1167 2032 1216 2074 in
1253 2044 1308 2073 ea
1338 2031 1414 2073 vel
1444 2030 1696 2073 docuerunt
1733 2032 1806 2073 vel
1838 2032 1951 2074 didi-

279 2119 460 2161 cerunt,
503 2113 581 2167 qui
607 2113 782 2167 ingenii
811 2112 1127 2160 facultatibus,
1177 2111 1404 2167 elegantia
1424 2110 1689 2163 doctrinae,
1727 2111 1948 2153 bonarum

279 2192 444 2237 artium
483 2193 785 2235 monumentis
820 2206 911 2236 non
952 2191 1096 2234 solum
1135 2192 1330 2247 patriam
1365 2203 1494 2233 suam
1520 2189 1827 2242 illustrarunt,
1863 2191 1947 2233 sed

278 2274 398 2330 apud
426 2285 580 2316 omnes
611 2273 710 2315 fere
731 2280 890 2330 gentes
915 2273 1026 2316 culti
1048 2277 1155 2315 sunt
1179 2277 1226 2335 et
1242 2271 1471 2315 celebrati.
1532 2270 1659 2315 Haec
1676 2284 1784 2314 vero
1810 2270 1946 2315 huius

280 2353 460 2399 scholae
495 2359 782 2406 ornamenta,
824 2354 930 2405 hos,
972 2353 1050 2410 qni
1081 2354 1265 2406 adsunt,
1307 2353 1515 2395 doctores
1546 2351 1816 2395 lectissimos
1848 2351 1945 2394 exi-

277 2434 369 2477 mia
390 2431 638 2489 'doctrinae
675 2434 810 2476 laude
851 2442 897 2478 et
936 2447 1110 2477 summa
1140 2433 1315 2492 ingenii
1341 2433 1490 2488 gloria
1519 2433 1733 2484 florentes
1775 2444 1847 2474 me
1879 2431 1947 2474 in·

1334 2513 1378 2553 A
1411 2520 1436 2551 2
