2237 3118
1094 94 1159 174 18

290 232 533 270 Alexandrum
551 219 743 279 Magnum,
769 239 870 280 quem
886 217 975 263 duce
994 225 1152 264 Homero
1168 217 1271 264 tanta
1288 214 1437 265 Achillis
1454 216 1690 264 admiratione
1704 222 1845 275 captum
1860 229 1971 266 fuisse

293 302 457 340 constat,
484 301 525 330 ut
541 291 630 328 nibil
646 291 779 338 magis,
803 299 906 337 quam
925 289 1074 325 similem
1101 287 1252 338 glorhm
1273 290 1479 338 gloriaeque
1498 300 1710 336 praeconem
1735 281 1888 327 similem
1906 302 1966 327 cu·

295 364 407 402 peret.
460 357 537 391 Nec
562 354 677 387 solum
702 350 947 385 Alexandrum
966 353 1017 386 ita
1038 353 1208 395 sensisse,
1243 351 1401 386 ostendit
1424 352 1576 386 loannes
1593 350 1785 386 Muellerus
1814 350 1914 397 (Th.
1931 356 1967 390 8.

295 418 335 455 S.
355 419 438 463 4.):
466 416 531 451 Ais
557 415 615 451 die
637 412 819 449 Griechen
842 411 1066 456 benet-leton,
1093 413 1180 449 dass
1206 413 1274 449 der
1299 412 1388 448 aber
1408 414 1483 448 alle
1501 412 1641 448 Fur-0111
1665 413 1741 448 und
1757 411 1971 447 Falselalneie

294 473 451 514 *en-kalne
467 474 627 512 Achille·
642 473 738 525 nach
753 470 999 510 achthundert
1011 472 1155 510 Jahraen
1168 472 1261 510 noch
1278 472 1373 509 nacla
1390 474 1469 510 dem
1492 471 1741 519 trojanischen
1763 471 1905 522 Kriego
1920 475 1969 509 im

296 539 556 576 aedae-maim
580 539 647 573 der
661 534 890 571 sterblichen
909 535 1004 579 leba,
1030 547 1108 570 soar
1132 535 1215 570 kes'n
1243 537 1324 571 edel
1336 536 1543 572 denkender
1562 536 1697 581 Manu,
1721 537 1788 572 der
1807 548 1875 571 von
1893 537 1970 571 die-

292 612 354 637 ser
370 601 510 637 Minuta
535 608 664 635 unser-s
680 596 818 634 hobam
833 596 934 633 nicht
948 610 1040 645 geru
1057 598 1116 634 die
1133 596 1270 641 Halfte
1287 597 1528 646 affgeopfert
1549 598 1671 643 Ιιιῖιισ,
1697 611 1756 634 nm
1773 598 1832 633 bei
1844 600 1970 633 seium

291 662 431 698 Enkeln
442 687 453 706 ‚
482 659 675 697 Freunden
694 660 771 696 und
782 659 1013 707 Metam-geru
1033 660 1100 697 das
1115 658 1310 696 Andenken
1321 661 1439 696 seines
1460 658 1617 697 Namens
1632 673 1686 697 πιι
1697 660 1841 705 stthen.
1895 659 1971 695 lta-

291 736 358 770 que
379 735 483 769 quam
505 725 542 756 in
564 723 632 757 diis
653 721 923 756 similitudinem
941 733 1021 756 cum
1035 723 1125 757 virIs
1146 723 1282 756 virtute
1300 721 1501 769 insignibus
1520 723 1629 768 prisci
1648 722 1807 758 homines
1824 707 1989 757 notione·

293 786 337 820 de
358 785 424 820 deo
446 784 608 820 omnibus
629 785 785 818 numeris
806 784 966 828 perfecto
983 783 1139 819 nondum
1153 789 1339 829 perspecta
1353 784 1602 829 requirebant,
1625 783 1717 819 hane
1739 785 1803 818 illo
1827 783 1969 828 quidem

292 854 449 895 tempore
462 846 618 883 moribus
636 856 710 881 non
727 845 842 881 solum
857 856 931 880 non
948 843 1118 890 obruisse,
1134 844 1197 881 sed
1215 845 1321 881 etiam
1337 843 1498 881 homines
1513 846 1558 882 ad
1576 846 1777 883 divinarum
1792 847 1969 881 virtutum

291 911 575 944 comunionem
594 906 805 952 adduxisse,
832 907 993 941 indicare
1010 908 1129 942 voluit
1149 906 1367 951 Sebinnus,
1393 918 1474 942 cum
1489 913 1653 944 caneret:
1681 907 1748 944 Ale
1766 908 1825 946 die
1839 908 1969 944 Gomn-

291 969 554 1006 menso-huchen-
578 970 668 1005 nocta
684 980 829 1012 waren,
864 980 988 1003 scaren
1007 967 1202 1004 Meneclem
1227 968 1434 1015 gottlicher.

391 1030 437 1080 k)
467 1030 598 1067 Mirum
625 1037 797 1078 quantum
830 1030 1024 1074 sacrificia,
1050 1041 1139 1075 quae
1165 1031 1425 1076 antiquissimis
1451 1031 1669 1076 temporibus
1695 1031 1739 1066 ab
1768 1030 1969 1066 hominibus

293 1094 361 1127 diis
380 1092 638 1136 offerebantur,
663 1094 708 1127 iis
726 1093 1008 1135 conveniebant,
1035 1102 1125 1136 quae
1152 1093 1221 1139 ipsi
1238 1091 1398 1127 homines
1418 1103 1499 1126 cum
1518 1093 1703 1137 voluptate
1727 1093 1887 1138 accipere
1910 1103 1970 1126 so-

291 1154 421 1188 lebant.
473 1153 542 1188 Est
561 1155 656 1188 enim
676 1160 822 1197 notum,
849 1159 991 1188 tantum
1016 1153 1095 1188 cibo
1115 1158 1152 1188 et
1170 1154 1306 1198 potioni
1333 1154 1428 1188 inter
1442 1164 1503 1187 eos
1521 1165 1599 1188 esse
1613 1154 1787 1189 tributum
1805 1154 1968 1200 pretium,

290 1220 332 1249 ut
352 1224 421 1261 quo
439 1215 575 1249 maiore
591 1215 807 1249 auctoritate
832 1215 962 1260 aliquis
981 1213 1073 1258 apud
1092 1224 1178 1248 suos
1192 1214 1389 1262 gauderet,
1407 1226 1448 1250 eo
1468 1216 1583 1262 magis
1603 1216 1718 1249 omnis
1732 1216 1969 1250 nutrimento-

291 1288 372 1312 rum
393 1277 492 1325 copia
511 1279 549 1313 in
569 1288 648 1312 eum
663 1277 909 1323 conferretur,
927 1276 1028 1312 cuius
1046 1275 1187 1325 quidem
1204 1278 1315 1313 moris
1332 1288 1405 1313 non
1421 1277 1537 1312 solum
1553 1279 1591 1314 in
1608 1277 1711 1313 libris
1724 1278 1836 1313 sacris
1855 1276 1966 1325 (Gen.

293 1340 349 1377 43
362 1364 373 1384 ,
408 1340 475 1376 34.
519 1341 538 1377 1
562 1337 658 1373 Sam.
690 1341 709 1376 l
724 1364 736 1382 ,
762 1338 844 1385 5.)‚
890 1337 953 1372 sed
981 1339 1091 1372 etiam
1118 1338 1213 1384 apud
1248 1339 1405 1374 Graecos
1443 1341 1633 1385 scriptores
1672 1346 1757 1375 sunt
1789 1341 1968 1386 exempla:

291 1400 441 1446 Spartae
458 1401 553 1435 enim
567 1400 711 1447 regibus
729 1401 844 1434 altero
860 1403 963 1434 tanto
982 1401 1150 1434 maiorem
1167 1400 1239 1434 cibi
1259 1406 1396 1445 partam
1415 1406 1451 1434 et
1472 1402 1511 1435 in
1529 1402 1717 1436 sacrificiis
1733 1407 1771 1436 et
1789 1402 1826 1435 in
1846 1413 1969 1436 menso

289 1462 430 1507 publica
445 1463 603 1509 legitime
618 1472 696 1496 esse
712 1460 886 1505 oblatam,
911 1467 1034 1496 narrat
1053 1460 1227 1496 Herodot.
1249 1461 1310 1507 Vi,
1332 1461 1399 1499 57.
1452 1461 1581 1498 Graeci
1603 1465 1716 1510 igitur
1737 1465 1861 1509 primis
1878 1470 1969 1498 tem·

288 1523 436 1568 poribus
455 1534 492 1557 se
510 1521 601 1558 nihil
614 1523 729 1569 magis
747 1528 889 1569 gratum
905 1527 1159 1568 acceptumque
1178 1521 1248 1557 diis
1267 1533 1408 1557 sacrare
1431 1533 1536 1568 posse
1554 1524 1838 1569 arbitrabantur,
1863 1536 1969 1570 quam

288 1583 405 1618 cibum
430 1591 466 1618 et
492 1590 635 1629 potum3
661 1583 747 1617 hinc
772 1583 866 1628 apud
881 1583 1078 1618 Homerum
1097 1583 1216 1617 omnia
1233 1583 1408 1618 sacrificia
1422 1590 1507 1619 sunt
1523 1585 1674 1630 cibaria,
1699 1586 1868 1622 victimae
1883 1596 1969 1631 par-

289 1646 355 1679 tim
380 1645 424 1678 ab
453 1644 658 1679 hominibus
684 1644 931 1687 comeduntur,
957 1646 1088 1689 partim
1114 1644 1182 1678 diis
1206 1646 1306 1688 quasi
1330 1645 1485 1679 edendae
1502 1645 1725 1690 offeruntur,
1751 1632 1817 1695 nec
1838 1647 1971 1682 desunt

287 1705 496 1749 libationes,
523 1705 650 1752 quibus
665 1705 825 1751 potionis
846 1704 943 1740 avidi
961 1711 996 1741 et
1013 1705 1063 1740 dii
1081 1712 1116 1741 et
1132 1712 1216 1751 post
1239 1705 1323 1742 deos
1352 1699 1512 1742 homines
1534 1706 1770 1754 delectentur3
1799 1704 1968 1747 ὅλόκαυ-

289 1778 361 1803 στα
382 1769 499 1810 enim,
527 1777 616 1812 quae
633 1778 677 1800 ne
696 1773 816 1813 postea
834 1766 974 1814 quidem
995 1766 1183 1802 admodum
1201 1769 1240 1803 in
1258 1779 1324 1804 usu
1343 1768 1510 1814 suerunt,
1536 1768 1714 1806 Homerus
1740 1782 1813 1807 non
1830 1783 1966 1807 memo-

285 1834 363 1872 rat,
390 1830 462 1863 nisi
475 1831 513 1863 in
533 1828 717 1863 sacrificiis
737 1829 974 1873 piacularibus
995 1834 1031 1863 et
1049 1829 1191 1864 deorum
1217 1830 1415 1866 inferorum
1441 1833 1554 1866 sacris
1579 1831 1644 1881 (cf.
1659 1832 1728 1871 Od.
1744 1833 1813 1877 xl,
1839 1834 1894 1871 45
1915 1845 1969 1880 sq.

288 1887 386 1924 Xen.
411 1889 523 1924 Anab.
543 1888 623 1932 Vll,
644 1892 682 1933 8,
707 1889 736 1926 4
762 1896 799 1924 et
828 1890 864 1926 5.
890 1890 1052 1936 Apollon.
1072 1891 1135 1936 ΙΙΙ,
1157 1893 1282 1930 1030.
1315 1894 1441 1931 1209.
1466 1890 1640 1931 ἀδαίετον
1668 1892 1969 1944 ὠμοθετῆσαι),

289 1952 378 1985 licet
398 1952 561 1985 dubitare
576 1953 692 1996 possis
705 1975 717 1993 ‚
744 1957 863 1984 utrum
882 1962 956 1986 mos
978 1964 1086 1998 equos
1106 1959 1204 1988 totos
1219 1955 1258 1988 in
1276 1953 1423 1989 flumina
1439 1955 1484 1991 ad
1505 1954 1629 1991 horum
1647 1955 1794 1993 deorum
1811 1959 1966 2007 gratiam

286 2011 481 2059 parandam
500 2012 710 2048 detrudendi
738 2010 756 2060 (
766 2012 805 2046 ll.
824 2011 933 2048 ΧΧΙ.
955 2013 1069 2062 132.)
1095 2016 1212 2051 simile
1242 2018 1326 2062 quid
1351 2020 1390 2054 in
1410 2030 1447 2054 se
1467 2020 1707 2064 continuerit,
1734 2031 1781 2055 an
1799 2021 1835 2056 id
1849 2032 1966 2068 genus

284 2073 361 2111 τῶν
386 2070 650 2122 ἀναθημάτων
681 2073 802 2107 fuerit·
857 2075 970 2114 Quam
995 2078 1206 2112 sententiam
1234 2078 1276 2112 de
1301 2080 1420 2114 studio
1436 2079 1619 2116 hominum
1641 2083 1965 2117 vetustissimorum

288 2146 330 2169 ea
349 2136 522 2180 imprimis
538 2135 606 2169 diis
623 2133 819 2176 offerenda,
846 2145 934 2179 quae
953 2137 1040 2181 ipsis
1056 2139 1209 2172 iucunda
1227 2147 1359 2184 essent,
1387 2144 1418 2175 si
1436 2144 1577 2189 lougius
1597 2145 1839 2188 persequeris,
1858 2154 1965 2190 quum

286 2197 457 2230 alimenta
474 2196 733 2241 antiquissimis
753 2196 969 2239 temporibus
990 2199 1083 2242 apud
1102 2201 1291 2246 plerasque
1309 2209 1433 2250 gentes
1451 2209 1591 2239 tantum
1610 2215 1629 2238 e
1645 2205 1843 2251 plantarum
1862 2210 1966 2254 copia

284 2258 400 2303 petita
416 2257 528 2293 fuisse
547 2257 758 2299 videantur,
782 2257 888 2291 facile
907 2260 1094 2304 coniicies,
1121 2262 1293 2297 sacrificia
1322 2265 1511 2301 incruenta
1533 2267 1652 2311 priora
1673 2267 1782 2303 fuisse
1802 2272 1964 2306 eruentis

285 2316 349 2363 (cf.
368 2318 460 2354 Piat.
484 2320 527 2353 de
547 2319 659 2366 Legg.
680 2318 745 2362 VI,
768 2328 848 2365 pag·
866 2319 962 2356 312.
982 2332 1012 2354 c.
1032 2322 1085 2356 ed.
1107 2322 1186 2367 Bip.
1204 2322 1366 2361 Μάνιον-ε
1389 2326 1605 2363 θοεοΙιίι-Ιιίο
1631 2329 1697 2364 der
1713 2330 1895 2379 Religion.
1916 2332 1962 2367 ΙΙ.

287 2378 325 2412 S.
348 2380 370 2414 5
381 2380 502 2427 sign),
527 2391 568 2414 ac
587 2391 713 2414 revera
731 2379 907 2425 Penelope
925 2379 1011 2427 (Od.
1031 2382 1091 2426 lV,
1110 2383 1225 2430 761.)
1245 2391 1384 2421 tantum
1400 2383 1518 2432 οὐλάς
1538 2399 1602 2434 pro
1626 2391 1874 2438 antIquissimo
1903 2404 1964 2428 sa-

286 2435 471 2477 crificandi
490 2453 556 2476 usu
574 2441 756 2478 Minervae
773 2441 888 2478 offert.
942 2442 1089 2480 Homeri
1107 2456 1192 2480 sane
1216 2453 1370 2494 tempore
1389 2450 1521 2485 Graeci
1551 2461 1658 2497 quum
1684 2455 1835 2489 maxime
1855 2466 1962 2491 carne
