2237 3118
1064 110 1148 160 21

272 231 376 266 malis
395 229 641 273 deterrebant,
666 229 833 265 amabant
852 235 888 264 et
900 231 1082 285 augebant
1095 232 1205 267 bonis
1217 243 1279 267 eos
1293 257 1305 276 ,
1331 236 1391 279 qui
1404 235 1540 278 positos
1566 234 1610 269 ab
1637 233 1724 279 ipsis
1737 237 1860 282 generi
1879 236 1943 270 hu-

271 301 376 326 mano
392 290 526 326 limites
544 291 645 326 nullo
665 289 770 326 modo
785 290 976 327 violarent.
1033 291 1260 338 imperfectas
1278 287 1414 330 tantum
1442 295 1485 330 de
1513 297 1637 341 poenis
1653 296 1867 343 praemiisve
1889 297 1941 331 fa-

268 358 403 386 ctorum
421 354 583 388 notiones
596 352 663 385 hac
685 353 824 385 ratione
840 354 928 387 oriri
949 355 1128 398 potuisse,
1153 356 1272 398 quivis
1296 356 1401 389 facile
1425 352 1620 404 intelligit,
1643 364 1763 393 tamen
1779 360 1829 392 ita
1845 370 1940 392 com-

268 425 391 449 munes
414 414 578 448 omnibus
602 412 750 447 Graecis
767 413 934 459 fuerunt,
960 420 1002 450 nt
1020 421 1058 450 et
1070 414 1187 451 Solon
1207 417 1303 463 leges
1318 428 1400 452 suas
1417 419 1606 453 violaturls
1624 430 1773 465 poenam
1799 418 1941 453 deorum

257 477 305 509 ‘in
335 475 399 510 hac
425 476 506 511 vita
520 476 718 509 certissime
740 477 1013 520 exspectandam
1038 479 1235 513 minaretur
1264 484 1301 512 et
1319 480 1526 525 quicumque
1543 482 1639 514 laeto
1662 491 1782 514 rerum
1800 491 1942 514 suarum

268 542 365 573 statu
385 536 603 584 gauderent,
628 538 794 573 meliores
817 536 1056 585 haberentur,
1083 552 1187 587 quam
1212 542 1274 588 qui
1298 540 1445 577 fortuna
1469 540 1620 577 adversa
1636 548 1879 588 premerentur
1896 542 1942 577 cf.

267 598 375 635 Arist.
390 598 577 633 Rhetoric.
600 598 645 644 Π,
664 600 729 637 17.
749 598 853 636 Tom.
873 600 933 645 lv,
950 612 1030 649 pag.
1046 603 1144 641 240.
1161 603 1215 637 ed.
1233 602 1379 648 Bipont.

369 657 408 707 o)
441 654 568 696 Fatum
596 669 800 705 aeteruum,
825 662 920 707 quod
946 662 1102 710 effugere
1136 675 1202 698 nec
1232 664 1281 698 dii
1309 675 1373 698 nec
1400 664 1560 699 homines
1588 669 1741 709 possunt
1776 662 1884 711 (libr.
1916 663 1941 705 Ι,

257 735 342 769 cap.
363 724 431 761 91.
456 719 526 770 τὴν
550 720 793 772 πεπρωμένην
813 723 951 772 μοίρην
974 720 1146 761 ἀδύνατά
1164 724 1243 764 ἐστι
1263 714 1485 774 ἇποφυγέειν
1501 725 1563 763 καὶ
1586 724 1719 775 θεῷ),
1744 736 1801 760 res
1819 723 1940 760 huma-

263 797 329 821 nas
358 796 422 832 pro
441 782 618 819 Herodoti
641 785 818 819 sententia
843 785 957 833 regit:
979 796 1116 820 summa
1140 785 1228 820 haec
1250 788 1425 833 potentia,
1454 798 1545 834 quae
1571 786 1616 820 ad
1635 786 1815 820 notionem
1835 786 1939 819 unius

263 849 320 882 dei
350 846 645 893 praesagiendum
671 857 751 880 eum
778 848 975 883 adduxerat
1004 844 1141 892 (θεός,
1170 850 1300 894 θεῖον,
1327 845 1562 895 δαιμόνιον),
1581 849 1687 882 modo
1703 849 1813 881 malos
1840 850 1941 891 punit

254 910 369 954 (libr.
387 908 447 952 lv,
465 918 542 953 cap.
563 905 731 954 205.)et
750 908 920 954 superbos
938 908 1107 954 deprimit
1128 909 1237 955 (libr.
1256 909 1334 954 Vll,
1356 921 1435 970 cap.
1458 911 1525 953 10,
1554 910 1589 954 ἓ.
1609 909 1647 946 5.
1672 906 1789 958 φιλέει
1814 906 1886 956 γὰρ
1919 904 1938 943 ὃ

258 969 352 1016 θεὸς
376 968 425 1007 τὰ
449 966 680 1020 υπερίχοντα
708 966 834 1007 πάντα
858 966 1027 1008 κολούειν
1050 976 1086 1005 et
1112 968 1157 1007 οὗ
1184 968 1257 1021 γὰρ
1276 970 1319 1023 ἐᾷ
1337 961 1507 1021 φρονέειν
1525 967 1640 1007 ἄλλον
1652 965 1784 1019 ubya‘
1767 984 1786 1007 ο
1806 967 1898 1013 θεὸς
1916 983 1938 1003 ν

258 1029 432 1080 ἑωυτόν),
448 1031 554 1077 idque
565 1036 671 1066 tanta
688 1034 896 1077 severitate,
918 1038 959 1067 nt
977 1043 999 1066 a
1014 1033 1166 1077 posteris
1182 1042 1295 1077 poena
1315 1033 1359 1067 ob
1378 1034 1553 1068 maiorum
1569 1033 1741 1067 maleficia
1760 1038 1939 1075 repetatur

256 1096 362 1143 (libr.
382 1095 410 1138 1,
431 1105 506 1140 cap.
530 1093 601 1129 91.
629 1094 797 1140 Κροῖσος
812 1092 982 1139 πέμπτου
998 1092 1124 1140 γονέος
1145 1089 1351 1142 ἁμαρτάδα
1366 1093 1542 1141 ἐξέπλησε
1562 1093 1678 1140 sqq.)·‚
1708 1093 1812 1127 modo
1836 1092 1938 1126 bonis

258 1163 314 1192 est
327 1156 465 1192 auxilio
481 1160 519 1188 et
534 1153 785 1190 imbecilliores
803 1166 825 1189 a
839 1153 1050 1190 fortioribus
1067 1160 1190 1189 tuetur
1207 1153 1308 1204 (libr.
1326 1154 1421 1199 vlu,
1439 1167 1516 1202 cap.
1535 1156 1600 1193 13.
1618 1149 1779 1192 ἐποιέετό
1800 1166 1837 1189 τε
1864 1155 1937 1188 πᾶν

251 1216 329 1256 «ὑπὸ
349 1219 444 1254 θεοῦ
453 1243 465 1262 ,
492 1214 590 1258 ὅκως
606 1212 654 1251 ἂν
670 1214 868 1262 ἐξισωθείη
884 1218 939 1265 τῷ
951 1212 1155 1266 εΕλληνικῷ
1173 1215 1216 1254 τὸ
1233 1216 1424 1265 Περσικὸν
1436 1216 1536 1265 μηδὲ
1551 1218 1677 1267 πολλῷ
1697 1214 1808 1251 πλέον
1828 1213 1883 1261 εἴη
1896 1215 1937 1259 );

255 1281 322 1315 fati
341 1285 458 1314 autem
475 1279 690 1312 necessitate
718 1288 798 1311 cum
823 1275 928 1311 homo
955 1288 992 1311 se
1014 1277 1166 1312 liberare
1186 1288 1258 1313 non
1282 1278 1399 1322 possit
1429 1277 1530 1324 (libr.
1551 1277 1615 1321 111,
1640 1288 1716 1322 eap.
1734 1277 1832 1323 43.)
1860 1289 1939 1311 eum

251 1349 463 1386 quamquam
483 1338 660 1372 dolentem
679 1336 748 1371 hoc
765 1337 862 1371 ferre
884 1337 986 1373 decet
1002 1337 1112 1382 (libr.
1125 1338 1194 1381 lx,
1220 1349 1294 1383 cap.
1312 1339 1418 1385 16.)‚
1452 1338 1614 1383 precibus
1631 1343 1751 1373 tamen
1770 1338 1806 1372 id
1820 1344 1938 1383 potest

253 1400 432 1436 retardari
462 1397 480 1444 (
492 1400 510 1434 l
525 1422 538 1440 ‚
572 1399 642 1435 91.
659 1396 981 1447 προθυμεομένου
1005 1418 1057 1424 —-
1077 1396 1329 1446 ἐπανεβάλετο
1361 1396 1431 1447 τὴν
1450 1398 1626 1448 Σαρδίων
1655 1398 1834 1447 ἅλωσιν).

354 1460 396 1507 p)
422 1459 523 1504 Apud
533 1458 749 1502 Homerum,
775 1465 816 1493 ut
833 1461 872 1493 in
887 1460 1139 1505 antiquissima
1159 1460 1402 1495 Hebraeorum
1427 1460 1590 1496 doctrina
1602 1463 1779 1504 ‚notiones
1801 1461 1842 1495 de
1862 1462 1938 1495 vita

252 1529 334 1569 post
358 1526 510 1556 mortem
535 1521 652 1554 minua
677 1526 762 1553 sunt
781 1521 946 1553 excultae
969 1526 1006 1554 et
1022 1522 1159 1566 claraeg
1189 1523 1310 1565 paucis
1330 1522 1423 1555 enim
1442 1524 1624 1567 exceptis,
1649 1522 1777 1566 quibus
1796 1528 1857 1555 aut
1872 1521 1936 1554 ad-

205 1629 211 1633 ,
250 1596 398 1620 seensus
421 1585 460 1618 in
485 1583 621 1617 coelum
651 1581 704 1627 (e.
723 1580 950 1628 grsHerculi
970 1581 1038 1615 0⁴1-
1056 1581 1126 1624 XI,
1147 1584 1227 1620 601
1252 1581 1336 1630 sq.)
1367 1582 1512 1618 sedesve
1534 1584 1573 1617 in
1601 1585 1726 1618 insulis
1753 1584 1936 1617 beatorum

250 1641 544 1694 (Rhadamantho
561 1641 605 1680 ll.
629 1641 731 1686 XVI,
754 1642 853 1680 322.
878 1641 1042 1678 Menelao
1066 1641 1135 1679 Od.
1151 1643 1211 1688 IV,
1236 1641 1357 1691 563.)
1387 1649 1532 1690 propter
1559 1645 1746 1679 arctiorem
1770 1655 1850 1679 eum
1868 1643 1936 1678 diis

250 1707 538 1743 coniunctionem
558 1703 709 1747 dantur,
736 1709 801 1738 aut
815 1715 946 1751 graves
959 1716 1094 1749 poenae
1110 1711 1257 1751 propter
1275 1706 1439 1741 iniuriam
1460 1705 1528 1740 diis
1547 1706 1692 1740 allatam
1706 1709 1936 1750 imponuntur

250 1770 299 1814 (e.
318 1781 351 1802 c.
370 1768 498 1801 Orioni
515 1766 583 1799 od.
603 1765 672 1807 xl,
692 1765 788 1800 572.
814 1763 973 1799 Tantalo
986 1777 1041 1799 vs.
1058 1767 1155 1801 582.
1182 1766 1339 1810 Sisypho
1360 1778 1413 1799 vs.
1432 1766 1578 1810 593.),
1602 1769 1735 1800 mertui
1757 1774 1936 1809 tamquam

249 1831 395 1865 umbrae
420 1830 458 1862 in
476 1827 571 1861 Orco
596 1833 787 1862 versantur
812 1837 857 1859 ne
881 1828 1036 1860 minimis
1061 1827 1202 1871 quidem
1225 1827 1367 1862 viribus
1390 1827 1540 1871 praediti
1566 1838 1619 1861 vs.
1641 1829 1739 1863 392.
1766 1838 1872 1871 quam
1889 1828 1933 1860 ob

247 1903 393 1927 causam
411 1891 482 1936 ipsi
502 1900 601 1925 suam
620 1887 861 1924 conditionem
883 1887 1070 1934 deplorant
1099 1899 1153 1924 vs.
1172 1887 1459 1933 487—490.;
1490 1889 1560 1922 nisi
1580 1888 1671 1923 forte
1692 1890 1729 1923 in
1753 1891 1819 1933 iis,
1846 1899 1934 1935 quae

251 1955 294 1989 de
315 1952 452 1996 Minoe,
486 1956 707 1986 mortuorum
738 1950 872 1992 iudice,
908 1949 1092 1994 dicantur,
1127 1950 1283 1996 vestigia
1307 1949 1479 1993 quaedam
1504 1949 1546 1982 de
1573 1951 1696 1995 poenis
1725 1952 1933 1996 praemiisve

251 2015 454 2050 hominibus
477 2019 561 2059 post
582 2019 734 2048 mortem
761 2011 905 2045 tributis
930 2013 1045 2046 inesse
1068 2017 1230 2054 statuas,
1259 2022 1466 2056 quamquam
1483 2013 1677 2045 verisimile
1696 2018 1768 2055 est,
1795 2023 1934 2045 omnem

246 2077 355 2111 illum
377 2076 493 2109 locum
514 2086 534 2108 a
552 2084 608 2108 vs·
631 2073 881 2111 567-629.
906 2083 927 2105 a
950 2078 1054 2115 poeta
1085 2072 1238 2116 quodam
1260 2076 1385 2116 postea
1411 2082 1488 2105 esse
1507 2070 1664 2106 additum
1685 2072 1732 2105 cf.
1756 2071 1934 2106 Thiorncia

253 2137 447 2183 Urgesealt
469 2136 536 2169 der
553 2133 712 2179 Odyssea
727 2145 806 2179 pag.
825 2135 878 2169 69
900 2144 974 2178 sqq.
988 2140 1024 2166 et
1045 2145 1123 2179 pag.
1144 2135 1211 2169 72.
1238 2134 1408 2166 Attamen
1429 2133 1604 2167 Homerus
1622 2145 1662 2166 eo
1678 2133 1766 2165 bene
1786 2133 1928 2173 meruit,

247 2199 340 2243 quod
357 2198 518 2242 aequales
540 2195 582 2229 de
600 2197 678 2230 vita
696 2195 846 2240 quadam
865 2200 945 2238 post
960 2201 1109 2228 mortem
1129 2194 1270 2237 docuit,
1291 2194 1540 2238 quadoctrina
1554 2196 1693 2229 exculta
1705 2201 1827 2239 poetae
1844 2202 1924 2240 post

243 2271 322 2295 eum
342 2260 505 2293 viventes
525 2255 673 2291 Graecis
698 2255 742 2290 de
767 2255 927 2290 mercede
954 2267 1097 2299 eorum,
1127 2266 1214 2301 quae
1234 2256 1271 2290 in
1285 2254 1350 2290 hac
1370 2256 1448 2290 vita
1468 2255 1656 2300 fecissent,
1685 2262 1746 2290 aut
1767 2256 1921 2291 iucunda

242 2326 305 2355 aut
322 2320 465 2365 ingrata
482 2319 683 2361 praecipere
701 2322 880 2361 poterant.
932 2316 1024 2349 Hinc
1042 2318 1147 2349 etiam
1163 2315 1340 2349 Hesiodus
1356 2317 1444 2349 viris
1461 2319 1593 2349 virtute
1620 2317 1828 2362 insignibus
1852 2318 1931 2349 for-

240 2389 365 2416 tunam
386 2378 573 2431 secundam
597 2380 635 2411 in
660 2377 715 2412 his
735 2380 861 2421 terris,
884 2379 921 2411 in
942 2384 1099 2422 posteros
1117 2387 1255 2423 quoque
1280 2383 1517 2412 transeuntem
1540 2374 1637 2425 (3'922
1679 2377 1930 2423 277—83.)

240 2443 399 2490 promisit
416 2445 451 2475 et
466 2440 617 2476 mortula
632 2437 886 2475 habitationem
904 2438 943 2476 ἓν
961 2435 1144 2488 μακάρων
1166 2435 1311 2487 νήσοισι
1329 2439 1508 2474 concessit
1528 2435 1632 2488 (ἕργ.
1670 2440 1721 2476 15
1737 2440 1759 2477 5
1770 2459 1821 2466 -
1834 2441 1856 2476 7
1867 2436 1923 2486 1.)
